@article{powNotViable,
  title={Why Proof-of-Work Is Not Viable in the Long-Term},
  author={Michael Zochowski},
  year={2019},
  publisher={Medium},
  url = {https://medium.com/logos-network/why-proof-of-work-is-not-viable-in-the-long-term-dd96d2775e99}
}



@article{DefiningFakeNews,
	author = {Edson C. Tandoc Jr. and Zheng Wei Lim and Richard Ling},
	title = {Defining “Fake News”},
	journal = {Digital Journalism},
	volume = {6},
	number = {2},
	pages = {137-153},
	year  = {2018},
	publisher = {Routledge},
	doi = {10.1080/21670811.2017.1360143}
}

@misc{trublo,
	author = {TruBlo},
	title = {Funded projects},
	URL = {https://www.trublo.eu/projects/}
	}

@article{zochowski2019proof,
  title={Why Proof-of-Work Is Not Viable in the Long-Term},
  author={Zochowski, M},
  journal={Saatavissa: https://medium. com/logos-network/why-proof-of-work-is-not-viable-in-the-long-term-dd96d2775e99 Viitattu},
  volume={12},
  pages={2022},
  year={2019}
}

@misc{wilmothprivacy,
  title={Privacy Coin Verge Succumbs to 51\% Attack [Again]},
  author={Wilmoth, Josiah}
}

@article{accusationRyanAdams,
  title={Ryan Adams dangled success. Women say they paid a price},
  author={Coscarelli, Joe and Ryzik, Melena},
  journal={The New York Times},
  volume={13},
  year={2019}
}

@misc{wilmothprivacy,
  title={Privacy Coin Verge Succumbs to 51\% Attack [Again]},
  author={Wilmoth, Josiah},
  URL={https://www.ccn.com/privacy-coin-verge-succumbs-to-51-attack-again/}
}

@article{factmata,
  title={AI-human partnerships tackle" fake news": Machine learning can get you only so far-then human judgment is required-[News]},
  author={Strickland, Eliza},
  journal={IEEE Spectrum},
  volume={55},
  number={9},
  pages={12--13},
  year={2018},
  publisher={IEEE}
}

@inproceedings{NewsWhip,
  title={Application of Big Data Technology in News Analytics on Social Networks},
  author={Chen, Sucheng and Long, Siwei and Zhou, Yan},
  booktitle={2021 International Wireless Communications and Mobile Computing (IWCMC)},
  pages={436--439},
  year={2021},
  organization={IEEE}
}

@article{veracityAi,
  title={Truth Machines: Synthesizing Veracity in AI Language Models},
  author={Munn, Luke and Magee, Liam and Arora, Vanicka},
  journal={arXiv preprint arXiv:2301.12066},
  year={2023}
}

@article{Factcheck,
  title={Fact-checking effectiveness as a function of format and tone: Evaluating FactCheck. org and FlackCheck. org},
  author={Young, Dannagal G and Jamieson, Kathleen Hall and Poulsen, Shannon and Goldring, Abigail},
  journal={Journalism \& Mass Communication Quarterly},
  volume={95},
  number={1},
  pages={49--75},
  year={2018},
  publisher={SAGE Publications Sage CA: Los Angeles, CA}
}

@misc{mediabiasfactcheck,
	title={Media Bias / Fact Check},
	author={MEDIA BIAS FACT CHECK LLC},
	year={2022},
	URL={https://mediabiasfactcheck.com/}
}

@article{googleVerificationToolkit,
  title={A social media toolkit for the journalism classroom},
  author={Verster, Maggie},
  journal={Rhodes Journalism Review},
  volume={2010},
  number={30},
  pages={36},
  year={2010},
  publisher={Rhodes University}
}

@inproceedings{edChainPowvsPos,
  title={Comparative analysis of blockchain consensus algorithms},
  author={Bach, Leo Maxim and Mihaljevic, Branko and Zagar, Mario},
  booktitle={2018 41st International Convention on Information and Communication Technology, Electronics and Microelectronics (MIPRO)},
  pages={1545--1550},
  year={2018},
  organization={Ieee}
}

@inproceedings{NothingAtStake,
  title={Securing proof-of-stake blockchain protocols},
  author={Li, Wenting and Andreina, S{\'e}bastien and Bohli, Jens-Matthias and Karame, Ghassan},
  booktitle={Data Privacy Management, Cryptocurrencies and Blockchain Technology: ESORICS 2017 International Workshops, DPM 2017 and CBT 2017, Oslo, Norway, September 14-15, 2017, Proceedings},
  pages={297--315},
  year={2017},
  organization={Springer}
}

@article{LongRangeAttack,
  title={Rewriting History: A Brief Introduction to Long Range Attacks},
  author={Deirmentzoglou, Evangelos},
  journal={Medium/Positive com},
  year={2018}
}

@article{narayan2016little,
  title={Little boy in Aleppo a vivid reminder of war’s horror},
  author={Narayan, Chandrika},
  journal={CNN, August},
  volume={18},
  pages={2016},
  year={2016}
}

@article{equifaxDataBreachSettlement,
  title={Cybersecurity incident handling: a case study of the Equifax data breach.},
  author={Wang, Ping and Johnson, Christopher},
  journal={Issues in Information Systems},
  volume={19},
  number={3},
  year={2018}
}

@misc{marriotDataBreach,
  title={Marriott data breach FAQ: How did it happen and what was the impact},
  author={Fruhlinger, Josh},
  year={2020},
  publisher={Security news, features and analysis about prevention, protection and~…}
}

@article{informedConsent,
  title={Informed consent: what is it? Who can give it? How do we improve it?},
  author={Neff, Margaret J},
  journal={Respiratory care},
  volume={53},
  number={10},
  pages={1337--1341},
  year={2008},
  publisher={Respiratory Care}
}

@book{RDBMS,
  title={Joe Celko’s complete guide to NoSQL: What every SQL professional needs to know about non-relational databases},
  author={Celko, Joe},
  year={2013},
  publisher={Newnes}
}

@article{alastriaBlockchain,
  title={Designing the architecture of a blockchain platform: The case of Alastria, a national public permissioned blockchain},
  author={Ib{\'a}{\~n}ez, Javier W and Moccia, Salvatore},
  journal={International Journal of Enterprise Information Systems (IJEIS)},
  volume={16},
  number={3},
  pages={34--48},
  year={2020},
  publisher={IGI Global}
}

@inproceedings{DID,
  title={Vision: A critique of immunity passports and w3c decentralized identifiers},
  author={Halpin, Harry},
  booktitle={Security Standardisation Research: 6th International Conference, SSR 2020, London, UK, November 30--December 1, 2020, Proceedings 6},
  pages={148--168},
  year={2020},
  organization={Springer}
}

@article{selfSovereignIdentity,
  title={The inevitable rise of self-sovereign identity},
  author={Tobin, Andrew and Reed, Drummond},
  journal={The Sovrin Foundation},
  volume={29},
  number={2016},
  pages={18},
  year={2016}
}

@misc{docker,
	author={Docker},
	title={Docs},
	url={https://docs.docker.com/}
}

@misc{docker,
	author={Docker},
	title={Docs},
	url={https://docs.docker.com/}
}

@inproceedings{evm,
  title={Defining the ethereum virtual machine for interactive theorem provers},
  author={Hirai, Yoichi},
  booktitle={Financial Cryptography and Data Security: FC 2017 International Workshops, WAHC, BITCOIN, VOTING, WTSC, and TA, Sliema, Malta, April 7, 2017, Revised Selected Papers 21},
  pages={520--535},
  year={2017},
  organization={Springer}
}

@misc{ethereum,
	author={Ethereum},
	title={Ethereum Development Documentation},
	url={https://ethereum.org/en/developers/docs/}
}

@misc{,
	author={},
	title={},
	url={}
}

@misc{,
	author={},
	title={},
	url={}
}



    %% Implementation


    \bibitem{polygon}
    Polygon, \href{https://polygon.technology/solutions/polygon-pos}{The easiest way to scale your Ethereum app}

    \bibitem{moonbeam}
    Moonbeam, \href{https://docs.moonbeam.network/}{Moonbeam Network Resources \& Documentation}

    \bibitem{ethers}
    Ethers, \href{https://docs.ethers.org/v5/}{Documentation}

    \bibitem{web3}
    Web3.js, \href{https://web3js.readthedocs.io/en/v1.8.2/#web3-js-ethereum-javascript-api}{Ethereum JavaScript API}

    \bibitem{truffle}
    Truffle, \href{https://trufflesuite.com/docs/}{Documentation}


    \bibitem{EXP51Attack}
    Expanse was 51\% attacked, \href{https://gist.github.com/metalicjames/01222049f95f85df8c0eb253de54848b}{Expanse (EXP) was 51\% attacked}

    \bibitem{BTCG51Attack}
    Bitcoin Gold 51\% attack, \href{https://gist.github.com/metalicjames/71321570a105940529e709651d0a9765}{Bitcoin Gold (BTG) was 51\% attacked}

    \bibitem{VTC51Attack}
    Vertcoin was 51\% attacked, \href{https://gist.github.com/metalicjames/f2acdb9ef448ec5298173b36c7c54133}{Vertcoin (VTC) was 51\% attacked}

    \bibitem{LCC51Attack}
    Litecoin Cash was 51\% attacked, \href{https://gist.github.com/metalicjames/82a49f8afa87334f929881e55ad4ffd7}{Litecoin Cash (LCC) was 51\% attacked}


    \bibitem{EIDAS}
    Wikipedia, \href{https://en.wikipedia.org/wiki/EIDAS}{EIDAS}


    \bibitem{SelfishMiningDefinition}
    Investopedia, \href{https://www.investopedia.com/terms/s/selfish-mining.asp}{Selfish Mining Definition}


    \bibitem{2018fakeVideo}
    DW.com, \href{https://www.dw.com/en/outrage-as-teens-mock-native-american-at-washington-rally/a-47156592}{Viral video of teens taunting Native American}

    \bibitem{2020fakeVideo}
    abcNews, \href{https://abcnews.go.com/Politics/election-2020-debunking-false-misleading-videos-claiming-show/story?id=74148233}{Election 2020: Debunking false and misleading videos claiming to show voter fraud}

    \bibitem{accusationBrettKavanaugh}
    The New York Times, \href{https://www.nytimes.com/2018/09/26/us/politics/brett-kavanaugh-accusers-women.html}{The Women Who Have Accused Brett Kavanaugh}

   \bibitem{mySQL}
    MySQL, \href{https://dev.mysql.com/doc/}{Documentation}

    \bibitem{oracleDb}
    Oracle, \href{https://www.oracle.com/database/}{Database}

    \bibitem{microsoftSQL}
    Microsoft, \href{https://www.microsoft.com/it-it/sql-server}{Introduction to SQL Server 2022}

    \bibitem{postgreSQL}
    PostgreSQL, \href{https://www.postgresql.org/}{PostgreSQL: The World's Most Advanced Open Source Relational Database}

    \bibitem{mongoDB}
    MongoDB, \href{https://www.mongodb.com/}{MongoDB}

    \bibitem{cassandra}
    Apache, \href{https://cassandra.apache.org/_/index.html}{Cassandra}

    \bibitem{redis}
    Redis, \href{https://redis.io/docs/}{Documentation}

    \bibitem{apacheCouch}
    CouchDB, \href{https://docs.couchdb.org/en/stable/}{Documentation}

	\bibitem{3tierArchitecture}
    IBM, \href{https://www.ibm.com/topics/three-tier-architecture}{What is Three-Tier Architecture}

    \bibitem{restAPI}
    Red Hat, \href{https://www.redhat.com/en/topics/api/what-is-a-rest-api}{What is a REST API?}

    \bibitem{jwtTokens}
    JWT, \href{https://jwt.io/introduction}{Introduction to JSON Web Tokens}

    \bibitem{nodeJs}
    Node, \href{https://nodejs.org/en/docs/}{Docs}

	\bibitem{alastriaIdentityLib}
    AlastriaID, \href{https://github.com/alastria/alastria-identity-lib}{alastria-identity-lib}

    \bibitem{alastriaSmartContracts}
    AlastriaID, \href{https://github.com/alastria/alastriaID-truffle-contracts}{alastriaID-truffle-contracts}

    \bibitem{alastriaIdentityExample}
    AlastriaID, \href{https://github.com/alastria/alastria-identity-example}{alastria-identity-example}

    \bibitem{keythereum}
    EthereumJS, \href{https://github.com/ethereumjs/keythereum}{keythereum}
